@article{patashnik1984bibtex,
    title={Managing citations and your bibliography with bibtex},
    author={Fenn, Jurgen},
    journal={The PracTEX Journal,(4)},
    year={2006}
}

@online{openCV.org,
howpublished = {[EB/OL]},
url = {https://opencv.org/},
title = {openCV home page},
}

@online{RaspberryPie,
    howpublished = {[EB/OL]},
    url = {https://chinese.freecodecamp.org/news/build-a-personal-dev-server-on-a-5-dollar-raspberry-pi/},
    title = {raspberry pie server},
}

@online{OnlineSafe,
    howpublished = {[EB/OL]},
    url = {https://blog.51cto.com/aserunix/1341627},
    title = {linux安全小结},
}