@online{mandelbrotWiki,
    title = {Mandelbrot set},
    url = {https://en.wikipedia.org/wiki/Mandelbrot_set},
}

@article{IRwinKraRB&JPM,
    author = {Robert Brooks and J.Peter Matelski},
    title = {THE DYNAMICS OF 2-GENERATOR SUBGROUPS OF RSL(2,C},
    journal = {Irwin Kra (ed.)},
    year = {1 May 1981},
}

@article{MandelbrotScience,
    author = {Mandelbrot, Benoit},
    title = {Fractal aspects of the iteration of {\displaystyle z\mapsto \lambda z(1-z)}z\mapsto \lambda z(1-z) for complex {\displaystyle \lambda ,z}\lambda ,z},
    journal = {New York Academy of Sciences.},
    year = {19080},
    pages = {357(1)},
}

@article{EtudeAD&JHH,
    author = {Adrien Douady and John H. Hubbard},
    title = {Etude dynamique des polynômes complexes},
    journal = { Prépublications mathémathiques d'Orsay 2/4},
    year = {1984 / 1985},
}

@article{AmericanScience4A1985,
    howpublished = {JSTOR 24967754 - via JSTOR},
    title = {Exploring The Mandelbrot Set},
    journal = {Scientific American},
    pages = {253(2)},
    date = {4. August 1985.},
    url = {https://www.jstor.org/stable/24967754},
}