@article{GSLhandwriting,
    author = {Mark Galassi
Jim Davies
James Theiler
Brian Gough
Gerard Jungman
Patrick Alken
Michael Booth
Fabrice Rossi
Rhys Ulerich},
    title = {GNU Scientific Library
Release 2.7},
    pages = {433 to 445},
}